@article{LeeModeling,
    author = {Derler, Patricia and Lee, Edward A. and Sangiovanni Vincentelli, Albert},
    journal = {Proceedings of the IEEE}, 
    title = {Modeling Cyber-Physical Systems}, 
    year = {2012},
    volume = {100},
    number = {1},
    pages = {13-28},
    doi = {10.1109/JPROC.2011.2160929}
}
